@MISC{Picolo_Whitepaper,
  author =       {Adi Kancherla and Arunesh Mishra},
  title =        {Picolo: Ethereum-based Open Database Network},
  howpublished = "\url{https://picolo.network/Whitepaper.pdf}"
}

@MISC{Plasma,
  author =       {Poon, Joseph and Buterin, Vitalik},
  title =        {Plasma: Scalable Autonomous Smart Contracts},
  howpublished = "\url{https://plasma.io/plasma.pdf}"
}

@MISC{Filecoin,
  author =       {Protocol Labs},
  title =        {Filecoin: {A Decentralized Storage Network}},
  howpublished = "\url{https://filecoin.io/filecoin.pdf}"
}

@MISC{Mechanism_design,
  author =       {The Royal Swedish Academy of Sciences},
  title =        {Mechanism design theory},
  howpublished = "\url{https://www.nobelprize.org/nobel_prizes/economic-sciences/laureates/2007/advanced-economicsciences2007.pdf}"
}

@MISC{Reinforcement_learning,
  author =       {Li, Yuxi},
  title =        {Deep Reinforcement learning: an overview},
  howpublished = "\url{https://arxiv.org/pdf/1701.07274.pdf}"
}

@MISC{Artificial_neural_network,
  author =       {Stergiou, Christos and Siganos, Dimitrios},
  title =        {Neural networks},
  howpublished = "\url{https://www.doc.ic.ac.uk/~nd/surprise_96/journal/vol4/cs11/report.html}"
}

@MISC{Multimodal1,
	author =       {Zheng, Cai and Donglin, Cao and Rongrong, Ji},
	title =        {Video (GIF) Sentiment Analysis Using Large Scale Auto Generated Mid-Level Ontology},
	howpublished = "\url{https://arxiv.org/pdf/1506.00765.pdf}"
}

@MISC{Multimodal2,
	author =       {Poria, Soujanya and Cambria, Erik and Gelbukh, Alexander},
	title =        {Deep Convolutional Neural Network Textual Features and Multiple Kernel Learning for Utterance-Level Multimodal Sentiment Analysis},
	howpublished = "\url{http://www.aclweb.org/anthology/D15-1303}"
}

@MISC{GradientProblems,
	author =       {Pascanu, Razvan and Mikolov, Tomas and Bengio, Yoshua},
	title =        {On the difficulty of training Recurrent Neural Networks},
	howpublished = "\url{https://arxiv.org/pdf/1211.5063.pdf}"
}

@MISC{TweetAnalysis1,
	author =       {Mohammad, Saif M and Kiritchenko, Svetlana and Zhu, Xiaodan},
	title =        {NRC-Canada: Building the State-of-the-Art in Sentiment Analysis of Tweets},
	howpublished = "\url{https://arxiv.org/pdf/1308.6242.pdf}"
}

@MISC{TweetAnalysis2,
	author =       {Agarwal, Apoorv and Xie, Boyi and Vovsha, Ilia and Rambow, Owen and Passonneau, Rebecca},
	title =        {Sentiment Analysis of Twitter Data},
	howpublished = "\url{http://citeseerx.ist.psu.edu/viewdoc/download?doi=10.1.1.348.4054&rep=rep1&type=pdf}"
}

@MISC{RNNReview,
	author =       {Lipton, Zachary C. and Berkowitz, John},
	title =        {A Critical Review of Recurrent Neural Networks for Sequence Learning},
	howpublished = "\url{https://arxiv.org/pdf/1506.00019.pdf}"
}

@MISC{TrainingTimeScales,
	author =       {Peng, Wei and Zhang, Ying and Chan, William and Wu, Pang and Nguyen, Le T.},
	title =        {Predicting Collective Sentiment Dynamics from Time-series Social Media},
	howpublished = "\url{http://wan.poly.edu/KDD2012/forms/workshop/WISDOM2012/camera_ready/a6-nguyen.pdf}"
}

@MISC{RLSurvey,
	author =       {Littman, Michael L and Kaelbling, Leslie Pack and Moore, Andrew W.},
	title =        {Reinforcement Learning: A Survey},
	howpublished = "\url{https://www.jair.org/media/301/live-301-1562-jair.pdf}"
}

@MISC{MDP,
	author =       {Otterlo, Martijn van and Wiering, Marco},
	title =        {Reinforcement Learning and Markov Decision Processes},
	howpublished = "\url{http://www.ai.rug.nl/~mwiering/Intro_RLBOOK.pdf}"
}

@MISC{Predictron,
	author =       {Silver, David et.al},
	title =        {The Predictron: End-to-End learning and planning},
	howpublished = "\url{http://www0.cs.ucl.ac.uk/staff/d.silver/web/Publications_files/predictron.pdf}"
}

@MISC{MCTS,
	author =       {Coulom, Remi},
	title =        {Efficient Selectivity and Backup Operators in Monte-Carlo Tree Search},
	howpublished = "\url{https://hal.inria.fr/inria-00116992/document}"
}

@MISC{POMCP,
	author =       {Silver, David and Veness, Joel},
	title =        {Monte-Carlo Planning in Large POMDPs},
	howpublished = "\url{http://www0.cs.ucl.ac.uk/staff/d.silver/web/Publications_files/pomcp.pdf}"
}

@MISC{UCT,
	author =       {Kocsis, Levente and Szepesvari, Csaba},
	title =        {Bandit based Monte-Carlo Planning},
	howpublished = "\url{http://ggp.stanford.edu/readings/uct.pdf}"
}

@MISC{DeepLearningDotNet,
	author =       {Carrier, Pierre Luc and Cho, Kyunghyun},
	title =        {LSTM Networks for Sentiment Analysis},
	howpublished = "\url{http://deeplearning.net/tutorial/lstm.html}"
}

@ARTICLE{Homer_2007,
  AUTHOR =       "Homer Simpson and Mickey Mouse",
  TITLE =        "On the theory of everything",
  JOURNAL =      "Journal of the most useful theories",
  YEAR =         "2007",
  volume =       "5",
  number =       "2",
  pages =        "123-456"
}

@BOOK{Book:Crawford_1994,
  title = {Frequency Synthesizer Design Handbook},
  publisher = {Artech House},
  year = {1994},
  author = {James A. Crawford},
  address = {Norwood, MA},
  isbn = {0-89006-440-7},
}
